%% This BibTeX bibliography file was created using BibDesk.
%% https://bibdesk.sourceforge.io/

%% Created for Adam Spencer at 2022-11-18 16:52:16 +0000 


%% Saved with string encoding Unicode (UTF-8) 



@incollection{Chen2021Jun,
	author = {Chen, Liu and Asgari, Meysam},
	booktitle = {{ICASSP 2021 - 2021 IEEE International Conference on Acoustics, Speech and Signal Processing (ICASSP)}},
	date-added = {2022-11-18 16:49:29 +0000},
	date-modified = {2022-11-18 16:49:29 +0000},
	doi = {10.1109/ICASSP39728.2021.9414207},
	issn = {2379-190X},
	journal = {ICASSP 2021 - 2021 IEEE International Conference on Acoustics, Speech and Signal Processing (ICASSP)},
	month = jun,
	pages = {7003--7007},
	publisher = {IEEE},
	title = {{Refining Automatic Speech Recognition System for Older Adults}},
	year = {2021},
	bdsk-url-1 = {https://doi.org/10.1109/ICASSP39728.2021.9414207}}

@article{Hazan2017Nov,
	author = {Hazan, Valerie and Tuomainen, Outi and Kim, Jeesun and Davis, Christopher},
	date-added = {2022-11-18 16:48:34 +0000},
	date-modified = {2022-11-18 16:48:34 +0000},
	journal = {UK Data Archive},
	month = nov,
	publisher = {UK Data Archive},
	title = {{elderLUCID: London UCL Older adults' clear speech in interaction database}},
	url = {https://reshare.ukdataservice.ac.uk/852906},
	year = {2017},
	bdsk-url-1 = {https://reshare.ukdataservice.ac.uk/852906}}

@article{vote400,
	author = {Jang, Minsu and Seo, Sangwon and Kim, Dohyung and Lee, Jaeyeon and Kim, Jaehong and Ahn, Jun-Hwan},
	date-added = {2022-11-18 16:46:48 +0000},
	date-modified = {2022-11-18 16:47:05 +0000},
	doi = {10.48550/arXiv.2101.11469},
	eprint = {2101.11469},
	journal = {arXiv},
	month = jan,
	title = {{VOTE400(Voide Of The Elderly 400 Hours): A Speech Dataset to Study Voice Interface for Elderly-Care}},
	year = {2021},
	bdsk-url-1 = {https://doi.org/10.48550/arXiv.2101.11469}}

@article{Horton2010Sep,
	author = {Horton, William S. and Spieler, Daniel H. and Shriberg, Elizabeth},
	date-added = {2022-11-18 16:46:08 +0000},
	date-modified = {2022-11-18 16:46:08 +0000},
	doi = {10.1037/a0019424},
	journal = {Psychol. Aging},
	month = sep,
	number = {3},
	pages = {708},
	publisher = {NIH Public Access},
	title = {{A Corpus Analysis of Patterns of Age-Related Change in Conversational Speech}},
	volume = {25},
	year = {2010},
	bdsk-url-1 = {https://doi.org/10.1037/a0019424}}

@phdthesis{Vipperla2011Nov,
	address = {Edinburgh, Scotland, UK},
	author = {Vipperla, Ravichander},
	date-added = {2022-11-18 16:45:35 +0000},
	date-modified = {2022-11-18 16:45:35 +0000},
	month = nov,
	school = {The University of},
	title = {{Automatic Speech Recognition for ageing voices}},
	url = {https://era.ed.ac.uk/handle/1842/5725?show=full},
	year = {2011},
	bdsk-url-1 = {https://era.ed.ac.uk/handle/1842/5725?show=full}}

@article{whisper,
	author = {Alec Radford, Jong Wook Kim, Tao Xu, Greg Brockman, Christine McLeavey, Ilya Sutskever},
	date-added = {2022-10-19 15:54:59 +0100},
	date-modified = {2022-10-19 15:59:22 +0100},
	journal = {OpenAI},
	title = {Robust Speech Recognition via Large-Scale Weak Supervision},
	year = {2022},
	bdsk-url-1 = {https://cdn.openai.com/papers/whisper.pdf}}
