%% This BibTeX bibliography file was created using BibDesk.
%% https://bibdesk.sourceforge.io/

%% Created for Adam Spencer at 2022-10-19 15:59:50 +0100 


%% Saved with string encoding Unicode (UTF-8) 



@article{whisper,
	author = {Alec Radford, Jong Wook Kim, Tao Xu, Greg Brockman, Christine McLeavey, Ilya Sutskever},
	date-added = {2022-10-19 15:54:59 +0100},
	date-modified = {2022-10-19 15:59:22 +0100},
	journal = {OpenAI},
	title = {Robust Speech Recognition via Large-Scale Weak Supervision},
	year = {2022},
	bdsk-url-1 = {https://cdn.openai.com/papers/whisper.pdf}}
